@book{айдинян2016аппаратные,
	title={Аппаратные средства вычислительной техники},
	author={Айдинян, Андрей Размикович},
	year={2016},
	publisher={Directmedia}
}

@book{sanders2010cuda,
	title={CUDA by example: an introduction to general-purpose GPU programming},
	author={Sanders, Jason and Kandrot, Edward},
	year={2010},
	publisher={Addison-Wesley Professional}
}

@book{farber2011cuda,
	title={CUDA application design and development},
	author={Farber, Rob},
	year={2011},
	publisher={Elsevier}
}